@inproceedings{prosser2006rooted,
  title={Rooted tree and spanning tree constraints},
  author={Prosser, Patrick and Unsworth, Chris},
  booktitle={17th ECAI workshop on modelling and solving problems with constraints},
  year={2006}
}

@article{andersson2009hashiwokakero,
  title="Hashiwokakero is {NP}-complete",
  author={Andersson, Daniel},
  journal={Information Processing Letters},
  volume={109},
  number={19},
  pages={1145--1146},
  year={2009},
  publisher={Elsevier}
}

@misc{NikHashi18,
	title = "Présentation de {H}ashiwokakero",
    author = "Nikoli, Co.",
    howpublished = "\url{http://www.nikoli.co.jp/en/puzzles/index.html}",
    year={2018},
    note = "[Visité le 24 janvier 2018]"
}

@misc{NikInshi18,
	title = "Présentation de {I}nshi no heya",
    author = "Nikoli, Co.",
    howpublished = "\url{https://web.archive.org/web/20140306224423/http://www.nikoli.co.jp/ja/puzzles/inshi_no_heya.html}",
    year={2014},
    note = "[Archivé le 6 mars 2014. Visité le 2 février 2018]"
}

@misc{hashiwokakero2009available,
  title = "Hashiwokakero",
  author = "Morsink, Timo",
  howpublished="\url{http://www.liacs.nl/assets/Bachelorscripties/2009-11TimoMorsink.pdf}",
  year={2009},
  note = "[Visité le 31 janvier 2018]"
}

@article{crook2009pencil,
  title={A pencil-and-paper algorithm for solving Sudoku puzzles},
  author={Crook, JF},
  journal={Notices of the AMS},
  volume={56},
  number={4},
  pages={460--468},
  year={2009}
}
